%Entries

@Article{Pigou16,
  author        = "Lionel Pigou and A{\"a}ron van den Oord and Sander Dieleman and Mieke Van Herreweghe and Joni Dambre",
  title         = "Beyond Temporal Pooling: Recurrence and Temporal Convolutions for Gesture Recognition in Video",
  year          = "2016",
  url           = "https://arxiv.org/abs/1506.01911",
}

@Article{ChaLearn17,
  author       = "Segio Escalera and Xavier Bar\'{o} and Hugo Jair Escalante and Isabelle Guyon",
  title        = "ChaLearn Looking at People: A Review of Events and Resources",
  year         = "2017",
  url          = "https://arxiv.org/abs/1701.02664",
}

@Article{JointTrajectoryMaps16,
  author      = "Pichao Wang and Zhaoyang Li and Yonghong Hou and Wanqing Li",
  title       = "Action Recognition Based on Joint Trajectory Maps UsingConvolutional Neural Networks",
  year        = "2016",
  url         = "https://dl.acm.org/citation.cfm?id=2967191",
}

@Article{LSTM97,
  author     =  "Sepp Hochreiter and J{\"u}rgen Schmidhuber",
  title      =  "LONG-SHORT TERM MEMORY",
  year       =  "1997",
  url        =  "https://www.bioinf.jku.at/publications/older/2604.pdf",
}

@InProceedings{Simonyan15,
  author       = "Simonyan, K. and Zisserman, A.",
  title        = "Very Deep Convolutional Networks for Large-Scale Image Recognition",
  booktitle    = "International Conference on Learning Representations",
  year         = "2015",
}
